@electronic{mpi,
  title         = "The {MPI} Website",
  url           = "http://ww-unix.mcs.anl.gov/mpi/index.htm",
  year          = "2008"
}

@electronic{xercesc,
  title         = "The Apache Xerces-C++ Website",
  url           = "http://xerces.apache.org/xerces-c",
  year          = "2008"
}

@electronic{cvode,
  title         = "The {CVODE} Library",
  url           = "http://computation.llnl.govcasc/sundials/main.html",
  year          = "2008"
}

@electronic{ginac,
  title         = "The {GINAC} Library",
  url           = "www.ginac.de",
  year          = "2008"
}

@article{ullmann,
 author  = {Ullmann, P. and Junge, S. and Wick, M. and Seifert, F. and Ruhm, W. and Hennig, J.},
 title   = {Experimental analysis of parallel excitation using dedicated coil setups and simultaneous {RF} transmission on multiple channels},
 journal = {Magnetic Resonance in Medicine},
 year    = {2005},
 volume  = {54(4)},
 pages   = {994-1001}
}

@article{ibrahim,
 author  = {Ibrahim, T. and Lee, R. and Abduljalil, A. and Baertlein, B. and Robitaille, P.},
 title   = {Dielectric resonances and $B_1$ field inhomogeneity in {UHFMRI}},
 journal = {Magnetic Resonance Imaging},
 year    = {2001},
 volume  = {19(2)},
 pages   = {219-226}
}


@article{pauly,
 author  = {Pauly, J. and Nishimura, D. and Macovski A.},
 title   = {A k-space analysis of small tip-angle excitation pulses},
 journal = {Journal of Magnetic Resonance},
 year    = {1989},
 volume  = {81 },
 pages   = {43-56}
}

@article{kwan,
 author  = {Kwan, R.K.S. and Evans, A.C. and Pike, G.B.},
 title   = {{MRI} simulation-based evaluation of image-processing and classification methods},
 journal = {IEEE Transactions on Medical Imaging},
 year    = {1999},
 volume  = {18 (11)},
 pages   = {1085-1097}
}

@article{benoit,
 author  = {Benoit-Cattin, H. and Collewet, G. and Belaroussi, B. and Saint-Jalmes, H. and Odet, C.},
 title   = {The {SIMRI} project: a versatile and interactive {MRI} simulator},
 journal = {Journal of Magnetic Resonance},
 year    = {2005},
 volume  = {173 (1)},
 pages   = {97-115}
}

@article{yoder,
 author  = {Yoder, D.A. and Zhao, Y.S. and Paschal, C.B. and Fitzpatrick, J.M.},
 title   = {{MRI} simulator with object-specific field map calculations},
 journal = {Magnetic Resonance Imaging},
 year    = {2004},
 volume  = {22 (3)},
 pages   = {315-328}
}

@article{joch,
 author  = {Jochimsen, T.H. and von Mengershausen, M.},
 title   = {{ODIN} -- Object-oriented Development Interface for {NMR}},
 journal = {Journal of Magnetic Resonance},
 year    = {2004},
 volume  = {170 (1)},
 pages   = {67-78}
}

@article{marques,
 author  = {Marques, J.P. and Bowtell, R.},
 title   = {Application of a fourier-based method for rapid calculation of field inhomogeneity
	    due to spatial variation of magnetic susceptibility},
 journal = {Concepts in Magnetic Resonance Part B - MR Engineering},
 year    = {2005},
 volume  = {25B (1)},
 pages   = {65-78}
}

@article{bernstein,
 author  = {Bernstein, M.A. and Zhou, X.H.J. and Polzin, J.A. and
	    King, K.F. and Ganin, A. and Pelc, N.J. and Glover, G.H.},
 title   = {Concomitant gradient terms in phase contrast {MR}: Analysis and correction},
 journal = {Magnetic Resonance in Medicine},
 year    = {1998},
 volume  = {39 (2)},
 pages   = {300-308}
}

@conference{sharp,
 author    = {Sharp, J. and Yin, D. and Tyson, R. and Lo, K. and Tomanek, B.},
 title     = {An integrated {MR} Console / {MR} Physics Simulation System},
 booktitle = {Proc.~ISMRM Soc.~Mag.~Res.~Med.},
 year      = {2006},
 pages     = {1351}
}

@article{summers,
 author  = {Summers, R.M. and Axel, L. and Israel, S.},
 title   = {A computer simulation of nuclear magnetic resonance imaging},
 journal = {Magnetic Resonance in Medicine},
 year    = {1986},
 volume  = {3},
 pages   = {363-376}
}

@article{olsson,
 author  = {Olsson, M.B.E. and Wirestam, R. and Persson, B.R.R.},
 title   = {A computer simulation program for MR imaging: Application to RF and static magnetic field imperfections},
 journal = {Magnetic Resonance in Medicine},
 year    = {1995},
 volume  = {34},
 pages   = {612â€“617}
}

@article{barker,
 author  = {Barker, B.R. and Archer,B.T. and Erdman, W.A. and  Peshock, R.M.},
 title   = {A {MRI} gradient waveform model for automated sequence calibration },
 journal = {Medical Physics },
 year    = {1992 },
 volume  = {19 (6) },
 pages   = {1483-1489 }
}

@article{drob,
 author  = {Drobnjak, I. and Gavaghan, D. and Suli, E. and Pitt-Francis, J. and Mark Jenkinson, M.  },
 title   = {Development of a functional magnetic resonance imaging simulator for modeling realistic
            rigid-body motion artifacts },
 journal = {Magnetic Resonance in Medicine},
 year    = {2006},
 volume  = {56 (2)},
 pages   = {364-380}
}

@book{gamma,
 author    = {Gamma, E. and Helm, R. and Johnson R. and Vlissides J.},
 title     = {Design Patterns},
 publisher = {Addison Wesley},
 year      = {1995}
}

@article{cohen,
 author  = {Cohen,S.D. and Hindmarsh,A.C.},
 title   = {{CVODE}, a Stiff/Nonstiff {ODE} Solver in {C}},
 journal = {Computers in Physics},
 year    = {1996},
 volume  = {10 (2)},
 pages   = {138-143}
}
